%YAML 1.1
%TAG !u! tag:unity3d.com,2011:
--- !u!1 &378054962766640995
GameObject:
  m_ObjectHideFlags: 0
  m_CorrespondingSourceObject: {fileID: 0}
  m_PrefabInstance: {fileID: 0}
  m_PrefabAsset: {fileID: 0}
  serializedVersion: 6
  m_Component:
  - component: {fileID: 4796450264403124207}
  m_Layer: 0
  m_Name: Model
  m_TagString: Untagged
  m_Icon: {fileID: 0}
  m_NavMeshLayer: 0
  m_StaticEditorFlags: 0
  m_IsActive: 1
--- !u!4 &4796450264403124207
Transform:
  m_ObjectHideFlags: 0
  m_CorrespondingSourceObject: {fileID: 0}
  m_PrefabInstance: {fileID: 0}
  m_PrefabAsset: {fileID: 0}
  m_GameObject: {fileID: 378054962766640995}
  serializedVersion: 2
  m_LocalRotation: {x: 0, y: 0, z: 0, w: 1}
  m_LocalPosition: {x: 0, y: 0, z: 0}
  m_LocalScale: {x: 1, y: 1, z: 1}
  m_ConstrainProportionsScale: 0
  m_Children:
  - {fileID: 5051492436059722780}
  m_Father: {fileID: 3987749410893474580}
  m_LocalEulerAnglesHint: {x: 0, y: 0, z: 0}
--- !u!1 &3987749412700407792
GameObject:
  m_ObjectHideFlags: 0
  m_CorrespondingSourceObject: {fileID: 0}
  m_PrefabInstance: {fileID: 0}
  m_PrefabAsset: {fileID: 0}
  serializedVersion: 6
  m_Component:
  - component: {fileID: 3987749410893474580}
  - component: {fileID: 3987749412700407805}
  - component: {fileID: 3987749412700407806}
  - component: {fileID: 2428936359746070465}
  m_Layer: 0
  m_Name: Double Pink Chair Tier 1
  m_TagString: Neighbor
  m_Icon: {fileID: 0}
  m_NavMeshLayer: 0
  m_StaticEditorFlags: 0
  m_IsActive: 1
--- !u!4 &3987749410893474580
Transform:
  m_ObjectHideFlags: 0
  m_CorrespondingSourceObject: {fileID: 0}
  m_PrefabInstance: {fileID: 0}
  m_PrefabAsset: {fileID: 0}
  m_GameObject: {fileID: 3987749412700407792}
  serializedVersion: 2
  m_LocalRotation: {x: 0, y: 0, z: 0, w: 1}
  m_LocalPosition: {x: 0, y: 0, z: 0}
  m_LocalScale: {x: 1, y: 1, z: 1}
  m_ConstrainProportionsScale: 0
  m_Children:
  - {fileID: 4796450264403124207}
  - {fileID: 4475350186722168786}
  - {fileID: 5825078376606119700}
  m_Father: {fileID: 0}
  m_LocalEulerAnglesHint: {x: 0, y: 0, z: 0}
--- !u!54 &3987749412700407805
Rigidbody:
  m_ObjectHideFlags: 0
  m_CorrespondingSourceObject: {fileID: 0}
  m_PrefabInstance: {fileID: 0}
  m_PrefabAsset: {fileID: 0}
  m_GameObject: {fileID: 3987749412700407792}
  serializedVersion: 4
  m_Mass: 1
  m_Drag: 0
  m_AngularDrag: 0.05
  m_CenterOfMass: {x: 0, y: 0, z: 0}
  m_InertiaTensor: {x: 1, y: 1, z: 1}
  m_InertiaRotation: {x: 0, y: 0, z: 0, w: 1}
  m_IncludeLayers:
    serializedVersion: 2
    m_Bits: 0
  m_ExcludeLayers:
    serializedVersion: 2
    m_Bits: 0
  m_ImplicitCom: 1
  m_ImplicitTensor: 1
  m_UseGravity: 1
  m_IsKinematic: 0
  m_Interpolate: 0
  m_Constraints: 116
  m_CollisionDetection: 2
--- !u!65 &3987749412700407806
BoxCollider:
  m_ObjectHideFlags: 0
  m_CorrespondingSourceObject: {fileID: 0}
  m_PrefabInstance: {fileID: 0}
  m_PrefabAsset: {fileID: 0}
  m_GameObject: {fileID: 3987749412700407792}
  m_Material: {fileID: 13400000, guid: 1336e9c07dda29f40b4139b54f5df261, type: 2}
  m_IncludeLayers:
    serializedVersion: 2
    m_Bits: 0
  m_ExcludeLayers:
    serializedVersion: 2
    m_Bits: 0
  m_LayerOverridePriority: 0
  m_IsTrigger: 0
  m_ProvidesContacts: 0
  m_Enabled: 1
  serializedVersion: 3
  m_Size: {x: 1.8405886, y: 0.4550162, z: 0.8}
  m_Center: {x: -0.02767396, y: 0.31249186, z: 0}
--- !u!114 &2428936359746070465
MonoBehaviour:
  m_ObjectHideFlags: 0
  m_CorrespondingSourceObject: {fileID: 0}
  m_PrefabInstance: {fileID: 0}
  m_PrefabAsset: {fileID: 0}
  m_GameObject: {fileID: 3987749412700407792}
  m_Enabled: 1
  m_EditorHideFlags: 0
  m_Script: {fileID: 11500000, guid: 6936f126a8911514c96e7338f981fc92, type: 3}
  m_Name: 
  m_EditorClassIdentifier: 
  chairColor: 0
  chairType: 0
  nodes:
  - {fileID: 248671715228084180}
  - {fileID: 3879463658286410627}
  meshList:
  - {fileID: 6219943084603895667}
  disableDrag: 0
  rb: {fileID: 3987749412700407805}
  _collider: {fileID: 3987749412700407806}
  isDraging: 0
  isStaticChair: 0
--- !u!1 &4475350186722168796
GameObject:
  m_ObjectHideFlags: 0
  m_CorrespondingSourceObject: {fileID: 0}
  m_PrefabInstance: {fileID: 0}
  m_PrefabAsset: {fileID: 0}
  serializedVersion: 6
  m_Component:
  - component: {fileID: 4475350186722168786}
  - component: {fileID: 248671715228084180}
  - component: {fileID: 6193056362858833999}
  - component: {fileID: 1821072106425267416}
  m_Layer: 7
  m_Name: Point 1
  m_TagString: Neighbor
  m_Icon: {fileID: 0}
  m_NavMeshLayer: 0
  m_StaticEditorFlags: 0
  m_IsActive: 1
--- !u!4 &4475350186722168786
Transform:
  m_ObjectHideFlags: 0
  m_CorrespondingSourceObject: {fileID: 0}
  m_PrefabInstance: {fileID: 0}
  m_PrefabAsset: {fileID: 0}
  m_GameObject: {fileID: 4475350186722168796}
  serializedVersion: 2
  m_LocalRotation: {x: -0.5, y: -0.5, z: -0.5, w: 0.5}
  m_LocalPosition: {x: 0.5, y: 0, z: 0.09200001}
  m_LocalScale: {x: 0.006, y: 0.006, z: 0.006}
  m_ConstrainProportionsScale: 1
  m_Children: []
  m_Father: {fileID: 3987749410893474580}
  m_LocalEulerAnglesHint: {x: -90, y: -90, z: 0}
--- !u!114 &248671715228084180
MonoBehaviour:
  m_ObjectHideFlags: 0
  m_CorrespondingSourceObject: {fileID: 0}
  m_PrefabInstance: {fileID: 0}
  m_PrefabAsset: {fileID: 0}
  m_GameObject: {fileID: 4475350186722168796}
  m_Enabled: 1
  m_EditorHideFlags: 0
  m_Script: {fileID: 11500000, guid: b790f7864b5c9244b915c23f6bf73c10, type: 3}
  m_Name: 
  m_EditorClassIdentifier: 
  _collider: {fileID: 1821072106425267416}
  isBlocked: 0
  aroundTiles: []
--- !u!54 &6193056362858833999
Rigidbody:
  m_ObjectHideFlags: 0
  m_CorrespondingSourceObject: {fileID: 0}
  m_PrefabInstance: {fileID: 0}
  m_PrefabAsset: {fileID: 0}
  m_GameObject: {fileID: 4475350186722168796}
  serializedVersion: 4
  m_Mass: 1
  m_Drag: 0
  m_AngularDrag: 0.05
  m_CenterOfMass: {x: 0, y: 0, z: 0}
  m_InertiaTensor: {x: 1, y: 1, z: 1}
  m_InertiaRotation: {x: 0, y: 0, z: 0, w: 1}
  m_IncludeLayers:
    serializedVersion: 2
    m_Bits: 0
  m_ExcludeLayers:
    serializedVersion: 2
    m_Bits: 0
  m_ImplicitCom: 1
  m_ImplicitTensor: 1
  m_UseGravity: 0
  m_IsKinematic: 1
  m_Interpolate: 0
  m_Constraints: 0
  m_CollisionDetection: 1
--- !u!65 &1821072106425267416
BoxCollider:
  m_ObjectHideFlags: 0
  m_CorrespondingSourceObject: {fileID: 0}
  m_PrefabInstance: {fileID: 0}
  m_PrefabAsset: {fileID: 0}
  m_GameObject: {fileID: 4475350186722168796}
  m_Material: {fileID: 0}
  m_IncludeLayers:
    serializedVersion: 2
    m_Bits: 0
  m_ExcludeLayers:
    serializedVersion: 2
    m_Bits: 0
  m_LayerOverridePriority: 0
  m_IsTrigger: 0
  m_ProvidesContacts: 0
  m_Enabled: 1
  serializedVersion: 3
  m_Size: {x: 116.6397, y: 126.11293, z: 120.5156}
  m_Center: {x: -25.252748, y: -3.9914503, z: 60.2578}
--- !u!1 &7090667273723000924
GameObject:
  m_ObjectHideFlags: 0
  m_CorrespondingSourceObject: {fileID: 0}
  m_PrefabInstance: {fileID: 0}
  m_PrefabAsset: {fileID: 0}
  serializedVersion: 6
  m_Component:
  - component: {fileID: 5825078376606119700}
  - component: {fileID: 3879463658286410627}
  - component: {fileID: 2058952551973412236}
  - component: {fileID: 5779942465020456272}
  m_Layer: 7
  m_Name: Point 2
  m_TagString: Neighbor
  m_Icon: {fileID: 0}
  m_NavMeshLayer: 0
  m_StaticEditorFlags: 0
  m_IsActive: 1
--- !u!4 &5825078376606119700
Transform:
  m_ObjectHideFlags: 0
  m_CorrespondingSourceObject: {fileID: 0}
  m_PrefabInstance: {fileID: 0}
  m_PrefabAsset: {fileID: 0}
  m_GameObject: {fileID: 7090667273723000924}
  serializedVersion: 2
  m_LocalRotation: {x: -0.5, y: -0.5, z: -0.5, w: 0.5}
  m_LocalPosition: {x: -0.5, y: 0, z: 0.09200001}
  m_LocalScale: {x: 0.006, y: 0.006, z: 0.006}
  m_ConstrainProportionsScale: 1
  m_Children: []
  m_Father: {fileID: 3987749410893474580}
  m_LocalEulerAnglesHint: {x: -90, y: -90, z: 0}
--- !u!114 &3879463658286410627
MonoBehaviour:
  m_ObjectHideFlags: 0
  m_CorrespondingSourceObject: {fileID: 0}
  m_PrefabInstance: {fileID: 0}
  m_PrefabAsset: {fileID: 0}
  m_GameObject: {fileID: 7090667273723000924}
  m_Enabled: 1
  m_EditorHideFlags: 0
  m_Script: {fileID: 11500000, guid: b790f7864b5c9244b915c23f6bf73c10, type: 3}
  m_Name: 
  m_EditorClassIdentifier: 
  _collider: {fileID: 5779942465020456272}
  isBlocked: 0
  aroundTiles: []
--- !u!54 &2058952551973412236
Rigidbody:
  m_ObjectHideFlags: 0
  m_CorrespondingSourceObject: {fileID: 0}
  m_PrefabInstance: {fileID: 0}
  m_PrefabAsset: {fileID: 0}
  m_GameObject: {fileID: 7090667273723000924}
  serializedVersion: 4
  m_Mass: 1
  m_Drag: 0
  m_AngularDrag: 0.05
  m_CenterOfMass: {x: 0, y: 0, z: 0}
  m_InertiaTensor: {x: 1, y: 1, z: 1}
  m_InertiaRotation: {x: 0, y: 0, z: 0, w: 1}
  m_IncludeLayers:
    serializedVersion: 2
    m_Bits: 0
  m_ExcludeLayers:
    serializedVersion: 2
    m_Bits: 0
  m_ImplicitCom: 1
  m_ImplicitTensor: 1
  m_UseGravity: 0
  m_IsKinematic: 1
  m_Interpolate: 0
  m_Constraints: 0
  m_CollisionDetection: 1
--- !u!65 &5779942465020456272
BoxCollider:
  m_ObjectHideFlags: 0
  m_CorrespondingSourceObject: {fileID: 0}
  m_PrefabInstance: {fileID: 0}
  m_PrefabAsset: {fileID: 0}
  m_GameObject: {fileID: 7090667273723000924}
  m_Material: {fileID: 0}
  m_IncludeLayers:
    serializedVersion: 2
    m_Bits: 0
  m_ExcludeLayers:
    serializedVersion: 2
    m_Bits: 0
  m_LayerOverridePriority: 0
  m_IsTrigger: 0
  m_ProvidesContacts: 0
  m_Enabled: 1
  serializedVersion: 3
  m_Size: {x: 116.6397, y: 126.11293, z: 120.5156}
  m_Center: {x: -25.252748, y: -3.9914808, z: 60.2578}
--- !u!1001 &4724338570449712119
PrefabInstance:
  m_ObjectHideFlags: 0
  serializedVersion: 2
  m_Modification:
    serializedVersion: 3
    m_TransformParent: {fileID: 4796450264403124207}
    m_Modifications:
    - target: {fileID: -8679921383154817045, guid: a10faec2b6a79ef4991fcc70b596d172, type: 3}
      propertyPath: m_LocalScale.x
      value: 0.81935
      objectReference: {fileID: 0}
    - target: {fileID: -8679921383154817045, guid: a10faec2b6a79ef4991fcc70b596d172, type: 3}
      propertyPath: m_LocalScale.y
      value: 0.7
      objectReference: {fileID: 0}
    - target: {fileID: -8679921383154817045, guid: a10faec2b6a79ef4991fcc70b596d172, type: 3}
      propertyPath: m_LocalScale.z
      value: 0.7
      objectReference: {fileID: 0}
    - target: {fileID: -8679921383154817045, guid: a10faec2b6a79ef4991fcc70b596d172, type: 3}
      propertyPath: m_LocalPosition.x
      value: 0
      objectReference: {fileID: 0}
    - target: {fileID: -8679921383154817045, guid: a10faec2b6a79ef4991fcc70b596d172, type: 3}
      propertyPath: m_LocalPosition.y
      value: 0.5
      objectReference: {fileID: 0}
    - target: {fileID: -8679921383154817045, guid: a10faec2b6a79ef4991fcc70b596d172, type: 3}
      propertyPath: m_LocalPosition.z
      value: -0.181
      objectReference: {fileID: 0}
    - target: {fileID: -8679921383154817045, guid: a10faec2b6a79ef4991fcc70b596d172, type: 3}
      propertyPath: m_LocalRotation.w
      value: -0.0000000754979
      objectReference: {fileID: 0}
    - target: {fileID: -8679921383154817045, guid: a10faec2b6a79ef4991fcc70b596d172, type: 3}
      propertyPath: m_LocalRotation.x
      value: 2.7887342e-15
      objectReference: {fileID: 0}
    - target: {fileID: -8679921383154817045, guid: a10faec2b6a79ef4991fcc70b596d172, type: 3}
      propertyPath: m_LocalRotation.y
      value: 1
      objectReference: {fileID: 0}
    - target: {fileID: -8679921383154817045, guid: a10faec2b6a79ef4991fcc70b596d172, type: 3}
      propertyPath: m_LocalRotation.z
      value: 0.00000003774895
      objectReference: {fileID: 0}
    - target: {fileID: -8679921383154817045, guid: a10faec2b6a79ef4991fcc70b596d172, type: 3}
      propertyPath: m_LocalEulerAnglesHint.x
      value: 0
      objectReference: {fileID: 0}
    - target: {fileID: -8679921383154817045, guid: a10faec2b6a79ef4991fcc70b596d172, type: 3}
      propertyPath: m_LocalEulerAnglesHint.y
      value: 0
      objectReference: {fileID: 0}
    - target: {fileID: -8679921383154817045, guid: a10faec2b6a79ef4991fcc70b596d172, type: 3}
      propertyPath: m_LocalEulerAnglesHint.z
      value: 0
      objectReference: {fileID: 0}
    - target: {fileID: -8679921383154817045, guid: a10faec2b6a79ef4991fcc70b596d172, type: 3}
      propertyPath: m_ConstrainProportionsScale
      value: 0
      objectReference: {fileID: 0}
    - target: {fileID: -7511558181221131132, guid: a10faec2b6a79ef4991fcc70b596d172, type: 3}
      propertyPath: m_Materials.Array.data[0]
      value: 
      objectReference: {fileID: 2100000, guid: 77363d8c2df96e04ba67cb29e17a7f06, type: 2}
    - target: {fileID: 919132149155446097, guid: a10faec2b6a79ef4991fcc70b596d172, type: 3}
      propertyPath: m_Name
      value: ghe xanh duong 2
      objectReference: {fileID: 0}
    m_RemovedComponents: []
    m_RemovedGameObjects: []
    m_AddedGameObjects: []
    m_AddedComponents: []
  m_SourcePrefab: {fileID: 100100000, guid: a10faec2b6a79ef4991fcc70b596d172, type: 3}
--- !u!4 &5051492436059722780 stripped
Transform:
  m_CorrespondingSourceObject: {fileID: -8679921383154817045, guid: a10faec2b6a79ef4991fcc70b596d172, type: 3}
  m_PrefabInstance: {fileID: 4724338570449712119}
  m_PrefabAsset: {fileID: 0}
--- !u!23 &6219943084603895667 stripped
MeshRenderer:
  m_CorrespondingSourceObject: {fileID: -7511558181221131132, guid: a10faec2b6a79ef4991fcc70b596d172, type: 3}
  m_PrefabInstance: {fileID: 4724338570449712119}
  m_PrefabAsset: {fileID: 0}
