%YAML 1.1
%TAG !u! tag:unity3d.com,2011:
--- !u!1 &1429419887474910
GameObject:
  m_ObjectHideFlags: 0
  m_CorrespondingSourceObject: {fileID: 0}
  m_PrefabInstance: {fileID: 0}
  m_PrefabAsset: {fileID: 0}
  serializedVersion: 6
  m_Component:
  - component: {fileID: 4439735364738112}
  - component: {fileID: 1878441467}
  m_Layer: 0
  m_Name: Cus Red
  m_TagString: Untagged
  m_Icon: {fileID: 0}
  m_NavMeshLayer: 0
  m_StaticEditorFlags: 0
  m_IsActive: 1
--- !u!4 &4439735364738112
Transform:
  m_ObjectHideFlags: 0
  m_CorrespondingSourceObject: {fileID: 0}
  m_PrefabInstance: {fileID: 0}
  m_PrefabAsset: {fileID: 0}
  m_GameObject: {fileID: 1429419887474910}
  serializedVersion: 2
  m_LocalRotation: {x: 0, y: 0, z: 0, w: 1}
  m_LocalPosition: {x: 0, y: 0, z: 0}
  m_LocalScale: {x: 1, y: 1, z: 1}
  m_ConstrainProportionsScale: 0
  m_Children:
  - {fileID: 6633402194843475744}
  m_Father: {fileID: 0}
  m_LocalEulerAnglesHint: {x: 0, y: 0, z: 0}
--- !u!114 &1878441467
MonoBehaviour:
  m_ObjectHideFlags: 0
  m_CorrespondingSourceObject: {fileID: 0}
  m_PrefabInstance: {fileID: 0}
  m_PrefabAsset: {fileID: 0}
  m_GameObject: {fileID: 1429419887474910}
  m_Enabled: 1
  m_EditorHideFlags: 0
  m_Script: {fileID: 11500000, guid: c6bd5411639d08f47b9b130ec8d79269, type: 3}
  m_Name: 
  m_EditorClassIdentifier: 
  animancer: {fileID: 8800920492116776070}
  queuePosIndex: 0
--- !u!1001 &2384025558675492327
PrefabInstance:
  m_ObjectHideFlags: 0
  serializedVersion: 2
  m_Modification:
    serializedVersion: 3
    m_TransformParent: {fileID: 1482088222615807755}
    m_Modifications:
    - target: {fileID: -8679921383154817045, guid: a3a6ec19707ff2342a87c2aac32ab6b1, type: 3}
      propertyPath: m_LocalScale.x
      value: 1.25
      objectReference: {fileID: 0}
    - target: {fileID: -8679921383154817045, guid: a3a6ec19707ff2342a87c2aac32ab6b1, type: 3}
      propertyPath: m_LocalScale.y
      value: 1.2500001
      objectReference: {fileID: 0}
    - target: {fileID: -8679921383154817045, guid: a3a6ec19707ff2342a87c2aac32ab6b1, type: 3}
      propertyPath: m_LocalScale.z
      value: 1.2500002
      objectReference: {fileID: 0}
    - target: {fileID: -8679921383154817045, guid: a3a6ec19707ff2342a87c2aac32ab6b1, type: 3}
      propertyPath: m_LocalPosition.x
      value: 0.00058424484
      objectReference: {fileID: 0}
    - target: {fileID: -8679921383154817045, guid: a3a6ec19707ff2342a87c2aac32ab6b1, type: 3}
      propertyPath: m_LocalPosition.y
      value: 0.03098464
      objectReference: {fileID: 0}
    - target: {fileID: -8679921383154817045, guid: a3a6ec19707ff2342a87c2aac32ab6b1, type: 3}
      propertyPath: m_LocalPosition.z
      value: 0.005153783
      objectReference: {fileID: 0}
    - target: {fileID: -8679921383154817045, guid: a3a6ec19707ff2342a87c2aac32ab6b1, type: 3}
      propertyPath: m_LocalRotation.w
      value: 1
      objectReference: {fileID: 0}
    - target: {fileID: -8679921383154817045, guid: a3a6ec19707ff2342a87c2aac32ab6b1, type: 3}
      propertyPath: m_LocalRotation.x
      value: -0.00000023891326
      objectReference: {fileID: 0}
    - target: {fileID: -8679921383154817045, guid: a3a6ec19707ff2342a87c2aac32ab6b1, type: 3}
      propertyPath: m_LocalRotation.y
      value: -0
      objectReference: {fileID: 0}
    - target: {fileID: -8679921383154817045, guid: a3a6ec19707ff2342a87c2aac32ab6b1, type: 3}
      propertyPath: m_LocalRotation.z
      value: -0
      objectReference: {fileID: 0}
    - target: {fileID: -8679921383154817045, guid: a3a6ec19707ff2342a87c2aac32ab6b1, type: 3}
      propertyPath: m_LocalEulerAnglesHint.x
      value: 0
      objectReference: {fileID: 0}
    - target: {fileID: -8679921383154817045, guid: a3a6ec19707ff2342a87c2aac32ab6b1, type: 3}
      propertyPath: m_LocalEulerAnglesHint.y
      value: 0
      objectReference: {fileID: 0}
    - target: {fileID: -8679921383154817045, guid: a3a6ec19707ff2342a87c2aac32ab6b1, type: 3}
      propertyPath: m_LocalEulerAnglesHint.z
      value: 0
      objectReference: {fileID: 0}
    - target: {fileID: 919132149155446097, guid: a3a6ec19707ff2342a87c2aac32ab6b1, type: 3}
      propertyPath: m_Name
      value: Circle_3
      objectReference: {fileID: 0}
    m_RemovedComponents: []
    m_RemovedGameObjects: []
    m_AddedGameObjects: []
    m_AddedComponents: []
  m_SourcePrefab: {fileID: 100100000, guid: a3a6ec19707ff2342a87c2aac32ab6b1, type: 3}
--- !u!4 &2783079297528850956 stripped
Transform:
  m_CorrespondingSourceObject: {fileID: -8679921383154817045, guid: a3a6ec19707ff2342a87c2aac32ab6b1, type: 3}
  m_PrefabInstance: {fileID: 2384025558675492327}
  m_PrefabAsset: {fileID: 0}
--- !u!1001 &6594445626955299019
PrefabInstance:
  m_ObjectHideFlags: 0
  serializedVersion: 2
  m_Modification:
    serializedVersion: 3
    m_TransformParent: {fileID: 4439735364738112}
    m_Modifications:
    - target: {fileID: -8679921383154817045, guid: 013704c7abc8c0648b9ae3cd16558ca4, type: 3}
      propertyPath: m_RootOrder
      value: 0
      objectReference: {fileID: 0}
    - target: {fileID: -8679921383154817045, guid: 013704c7abc8c0648b9ae3cd16558ca4, type: 3}
      propertyPath: m_LocalScale.x
      value: 0.8
      objectReference: {fileID: 0}
    - target: {fileID: -8679921383154817045, guid: 013704c7abc8c0648b9ae3cd16558ca4, type: 3}
      propertyPath: m_LocalScale.y
      value: 0.8
      objectReference: {fileID: 0}
    - target: {fileID: -8679921383154817045, guid: 013704c7abc8c0648b9ae3cd16558ca4, type: 3}
      propertyPath: m_LocalScale.z
      value: 0.8
      objectReference: {fileID: 0}
    - target: {fileID: -8679921383154817045, guid: 013704c7abc8c0648b9ae3cd16558ca4, type: 3}
      propertyPath: m_LocalPosition.x
      value: 0
      objectReference: {fileID: 0}
    - target: {fileID: -8679921383154817045, guid: 013704c7abc8c0648b9ae3cd16558ca4, type: 3}
      propertyPath: m_LocalPosition.y
      value: 0
      objectReference: {fileID: 0}
    - target: {fileID: -8679921383154817045, guid: 013704c7abc8c0648b9ae3cd16558ca4, type: 3}
      propertyPath: m_LocalPosition.z
      value: 0
      objectReference: {fileID: 0}
    - target: {fileID: -8679921383154817045, guid: 013704c7abc8c0648b9ae3cd16558ca4, type: 3}
      propertyPath: m_LocalRotation.w
      value: 1
      objectReference: {fileID: 0}
    - target: {fileID: -8679921383154817045, guid: 013704c7abc8c0648b9ae3cd16558ca4, type: 3}
      propertyPath: m_LocalRotation.x
      value: 0
      objectReference: {fileID: 0}
    - target: {fileID: -8679921383154817045, guid: 013704c7abc8c0648b9ae3cd16558ca4, type: 3}
      propertyPath: m_LocalRotation.y
      value: 0
      objectReference: {fileID: 0}
    - target: {fileID: -8679921383154817045, guid: 013704c7abc8c0648b9ae3cd16558ca4, type: 3}
      propertyPath: m_LocalRotation.z
      value: 0
      objectReference: {fileID: 0}
    - target: {fileID: -8679921383154817045, guid: 013704c7abc8c0648b9ae3cd16558ca4, type: 3}
      propertyPath: m_LocalEulerAnglesHint.x
      value: 0
      objectReference: {fileID: 0}
    - target: {fileID: -8679921383154817045, guid: 013704c7abc8c0648b9ae3cd16558ca4, type: 3}
      propertyPath: m_LocalEulerAnglesHint.y
      value: 0
      objectReference: {fileID: 0}
    - target: {fileID: -8679921383154817045, guid: 013704c7abc8c0648b9ae3cd16558ca4, type: 3}
      propertyPath: m_LocalEulerAnglesHint.z
      value: 0
      objectReference: {fileID: 0}
    - target: {fileID: -8679921383154817045, guid: 013704c7abc8c0648b9ae3cd16558ca4, type: 3}
      propertyPath: m_ConstrainProportionsScale
      value: 1
      objectReference: {fileID: 0}
    - target: {fileID: 919132149155446097, guid: 013704c7abc8c0648b9ae3cd16558ca4, type: 3}
      propertyPath: m_Name
      value: Model
      objectReference: {fileID: 0}
    - target: {fileID: 8709581995106480540, guid: 013704c7abc8c0648b9ae3cd16558ca4, type: 3}
      propertyPath: m_Materials.Array.data[0]
      value: 
      objectReference: {fileID: 2100000, guid: 3a37014cd1d53bc47a2496cfa05eff65, type: 2}
    m_RemovedComponents: []
    m_RemovedGameObjects: []
    m_AddedGameObjects:
    - targetCorrespondingSourceObject: {fileID: 5698533716348002240, guid: 013704c7abc8c0648b9ae3cd16558ca4, type: 3}
      insertIndex: -1
      addedObject: {fileID: 2783079297528850956}
    m_AddedComponents:
    - targetCorrespondingSourceObject: {fileID: 919132149155446097, guid: 013704c7abc8c0648b9ae3cd16558ca4, type: 3}
      insertIndex: -1
      addedObject: {fileID: 1659456111951166081}
    - targetCorrespondingSourceObject: {fileID: 919132149155446097, guid: 013704c7abc8c0648b9ae3cd16558ca4, type: 3}
      insertIndex: -1
      addedObject: {fileID: 8800920492116776070}
  m_SourcePrefab: {fileID: 100100000, guid: 013704c7abc8c0648b9ae3cd16558ca4, type: 3}
--- !u!4 &1482088222615807755 stripped
Transform:
  m_CorrespondingSourceObject: {fileID: 5698533716348002240, guid: 013704c7abc8c0648b9ae3cd16558ca4, type: 3}
  m_PrefabInstance: {fileID: 6594445626955299019}
  m_PrefabAsset: {fileID: 0}
--- !u!1 &6288507815149520282 stripped
GameObject:
  m_CorrespondingSourceObject: {fileID: 919132149155446097, guid: 013704c7abc8c0648b9ae3cd16558ca4, type: 3}
  m_PrefabInstance: {fileID: 6594445626955299019}
  m_PrefabAsset: {fileID: 0}
--- !u!95 &1659456111951166081
Animator:
  serializedVersion: 5
  m_ObjectHideFlags: 0
  m_CorrespondingSourceObject: {fileID: 0}
  m_PrefabInstance: {fileID: 0}
  m_PrefabAsset: {fileID: 0}
  m_GameObject: {fileID: 6288507815149520282}
  m_Enabled: 1
  m_Avatar: {fileID: 9000000, guid: c11ee70996a1cc94eb5543de700b7cb2, type: 2}
  m_Controller: {fileID: 0}
  m_CullingMode: 0
  m_UpdateMode: 0
  m_ApplyRootMotion: 1
  m_LinearVelocityBlending: 0
  m_StabilizeFeet: 0
  m_WarningMessage: 
  m_HasTransformHierarchy: 1
  m_AllowConstantClipSamplingOptimization: 1
  m_KeepAnimatorStateOnDisable: 0
  m_WriteDefaultValuesOnDisable: 0
--- !u!114 &8800920492116776070
MonoBehaviour:
  m_ObjectHideFlags: 0
  m_CorrespondingSourceObject: {fileID: 0}
  m_PrefabInstance: {fileID: 0}
  m_PrefabAsset: {fileID: 0}
  m_GameObject: {fileID: 6288507815149520282}
  m_Enabled: 1
  m_EditorHideFlags: 0
  m_Script: {fileID: 11500000, guid: 0ad50f81b1d25c441943c37a89ba23f6, type: 3}
  m_Name: 
  m_EditorClassIdentifier: 
  _Animator: {fileID: 1659456111951166081}
  _ActionOnDisable: 0
--- !u!4 &6633402194843475744 stripped
Transform:
  m_CorrespondingSourceObject: {fileID: -8679921383154817045, guid: 013704c7abc8c0648b9ae3cd16558ca4, type: 3}
  m_PrefabInstance: {fileID: 6594445626955299019}
  m_PrefabAsset: {fileID: 0}
